<record><leader>00000cas a22000007a 4500</leader><controlfield tag="001">9910121</controlfield><controlfield tag="008">830915d18971991txudn ne      0   a0eng d</controlfield><datafield ind1=" " ind2=" " tag="010"><subfield code="a">sn 83004780 </subfield></datafield><datafield ind1=" " ind2=" " tag="040"><subfield code="a">NSD</subfield><subfield code="b">eng</subfield><subfield code="c">NSD</subfield><subfield code="d">PPM</subfield><subfield code="d">NSD</subfield><subfield code="d">OCLCQ</subfield></datafield><datafield ind1=" " ind2=" " tag="012"><subfield code="j">0</subfield><subfield code="k">1</subfield><subfield code="m">d</subfield></datafield><datafield ind1="1" ind2=" " tag="022"><subfield code="a">0746-2794</subfield><subfield code="l">0746-2794</subfield><subfield code="2">1</subfield></datafield><datafield ind1=" " ind2=" " tag="037"><subfield code="b">Inquirer Publishing Co., Inc., 622 St. Paul St., Gonzales, TX 78629</subfield></datafield><datafield ind1=" " ind2=" " tag="042"><subfield code="a">nsdp</subfield></datafield><datafield ind1="0" ind2=" " tag="130"><subfield code="a">Daily inquirer (Gonzales, Tex. : 1897)</subfield></datafield><datafield ind1=" " ind2="4" tag="222"><subfield code="a">The Daily inquirer</subfield></datafield><datafield ind1="1" ind2="4" tag="245"><subfield code="a">The Daily inquirer.</subfield></datafield><datafield ind1="1" ind2="7" tag="246"><subfield code="a">Gonzales inquirer</subfield></datafield><datafield ind1=" " ind2=" " tag="260"><subfield code="a">Gonzales, Tex. :</subfield><subfield code="b">Reece &amp; Beach</subfield></datafield><datafield ind1=" " ind2=" " tag="300"><subfield code="a">v. :</subfield><subfield code="b">ill. ;</subfield><subfield code="c">57 cm.</subfield></datafield><datafield ind1=" " ind2=" " tag="310"><subfield code="a">Daily (except Sat., Sun. &amp; some holidays)</subfield></datafield><datafield ind1=" " ind2=" " tag="321"><subfield code="a">Daily (except Saturday &amp; Sunday)</subfield></datafield><datafield ind1="1" ind2=" " tag="362"><subfield code="a">Began: June 1, 1897; ceased in 1991.</subfield></datafield><datafield ind1=" " ind2=" " tag="500"><subfield code="a">Published later by the Inquirer Pub. Co.</subfield></datafield><datafield ind1=" " ind2=" " tag="580"><subfield code="a">Also published in weekly edition titled: The Gonzales inquirer.</subfield></datafield><datafield ind1=" " ind2=" " tag="588"><subfield code="a">Description based on: Vol. 1, no. 184 (Jan. 3, 1898).</subfield></datafield><datafield ind1=" " ind2=" " tag="588"><subfield code="a">Latest issue consulted: Vol. 90, no. 76 (Tuesday, Sept. 23, 1986).</subfield></datafield><datafield ind1=" " ind2=" " tag="752"><subfield code="a">United States</subfield><subfield code="b">Texas</subfield><subfield code="c">Gonzales</subfield><subfield code="d">Gonzales.</subfield></datafield><datafield ind1="1" ind2=" " tag="775"><subfield code="t">Gonzales inquirer (Gonzales, Tex. : 1853)</subfield><subfield code="w">(DLC)sn 83021636</subfield></datafield><datafield ind1="0" ind2="4" tag="785"><subfield code="t">Gonzales inquirer (Gonzales, Tex. : 1853)</subfield><subfield code="x">1059-7158</subfield><subfield code="w">(DLC)sn 83021636</subfield></datafield></record>